<record><leader>00000cas a22000007a 4500</leader><controlfield tag="001">14923081</controlfield><controlfield tag="008">861204d18931uuutxuwr ne      0    0eng d</controlfield><datafield ind1=" " ind2=" " tag="010"><subfield code="a">sn 86090350 </subfield></datafield><datafield ind1=" " ind2=" " tag="040"><subfield code="a">PPM</subfield><subfield code="b">eng</subfield><subfield code="c">PPM</subfield><subfield code="d">UBY</subfield><subfield code="d">OCLCQ</subfield><subfield code="d">OCLCF</subfield><subfield code="d">OCLCO</subfield></datafield><datafield ind1=" " ind2=" " tag="042"><subfield code="a">msc</subfield></datafield><datafield ind1=" " ind2=" " tag="043"><subfield code="a">n-us-tx</subfield></datafield><datafield ind1="0" ind2=" " tag="130"><subfield code="a">Artesia (Waco, Tex. : 1893)</subfield></datafield><datafield ind1="1" ind2="0" tag="245"><subfield code="a">Artesia.</subfield></datafield><datafield ind1=" " ind2=" " tag="260"><subfield code="a">Waco, Tex. :</subfield><subfield code="b">I.A. Goldstein</subfield></datafield><datafield ind1=" " ind2=" " tag="300"><subfield code="a">v.</subfield></datafield><datafield ind1=" " ind2=" " tag="310"><subfield code="a">Weekly</subfield></datafield><datafield ind1="0" ind2=" " tag="362"><subfield code="a">Vol. 2, no. 15 (Feb. 19, 1893)-</subfield></datafield><datafield ind1=" " ind2="0" tag="651"><subfield code="a">Waco (Tex.)</subfield><subfield code="v">Newspapers.</subfield></datafield><datafield ind1=" " ind2="7" tag="655"><subfield code="a">Newspapers.</subfield><subfield code="2">fast</subfield><subfield code="0">(OCoLC)fst01423814</subfield></datafield><datafield ind1=" " ind2="7" tag="651"><subfield code="a">Texas</subfield><subfield code="z">Waco.</subfield><subfield code="2">fast</subfield><subfield code="0">(OCoLC)fst01212112</subfield></datafield><datafield ind1=" " ind2=" " tag="752"><subfield code="a">United States</subfield><subfield code="b">Texas</subfield><subfield code="c">McLennan</subfield><subfield code="d">Waco.</subfield></datafield><datafield ind1="0" ind2="0" tag="780"><subfield code="t">Gossip (Waco, Tex.)</subfield><subfield code="w">(DLC)sn 87090396</subfield></datafield></record>